<?xml version="1.0" encoding="UTF-8"?><record xmlns="http://www.loc.gov/MARC21/slim" xmlns:cinclude="http://apache.org/cocoon/include/1.0" xmlns:zs="http://www.loc.gov/zing/srw/">
  <leader>00407cz  a2200121n  4500</leader>
  <controlfield tag="001">n 2007074779</controlfield>
  <controlfield tag="003">DLC</controlfield>
  <controlfield tag="005">20071018075038.0</controlfield>
  <controlfield tag="008">071017n| acannaabn           n aaa      </controlfield>
  <datafield tag="010" ind1=" " ind2=" ">
    <subfield code="a">n 2007074779</subfield>
  </datafield>
  <datafield tag="040" ind1=" " ind2=" ">
    <subfield code="a">DLC</subfield>
    <subfield code="b">eng</subfield>
    <subfield code="c">DLC</subfield>
  </datafield>
  <datafield tag="100" ind1="1" ind2=" ">
    <subfield code="a">Golley, Gregory,</subfield>
    <subfield code="d">1964-</subfield>
  </datafield>
  <datafield tag="670" ind1=" " ind2=" ">
    <subfield code="a">Golley, Gregory. When our eyes no longer see, 2008:</subfield>
    <subfield code="b">ECIP t.p. (Gregory Golly) data view (b. 1/06/1964; independent scholar living in Chicago)</subfield>
  </datafield>
</record>